<?xml version="1.0" encoding="UTF-8"?><collection xmlns="http://www.loc.gov/MARC21/slim"><record><leader>00690nam--2200241-u-4500</leader><controlfield tag="001">000050428</controlfield><controlfield tag="002">20161230</controlfield><controlfield tag="003">81831</controlfield><controlfield tag="005">20161230201048</controlfield><controlfield tag="008">070322s1000------------r-----000-0-eng-d</controlfield><datafield ind1=" " ind2=" " tag="020"><subfield code="a">3-540-25901-5</subfield></datafield><datafield ind1=" " ind2=" " tag="040"><subfield code="a">IFIN-HH</subfield></datafield><datafield ind1=" " ind2=" " tag="041"><subfield code="a">eng</subfield></datafield><datafield ind1=" " ind2=" " tag="080"><subfield code="a">530.145:537.8:539.17</subfield></datafield><datafield ind1="1" ind2=" " tag="100"><subfield code="a">Schwabl,Franz</subfield></datafield><datafield ind1="1" ind2="0" tag="245"><subfield code="a">Advanced Quantum Mechanics</subfield><subfield code="b">Translated by rRoginald Hilton and Angela Lahee</subfield><subfield code="c">Franz Schwabl</subfield></datafield><datafield ind1=" " ind2=" " tag="250"><subfield code="a">Third Edition</subfield></datafield><datafield ind1=" " ind2=" " tag="260"><subfield code="a">Berlin</subfield><subfield code="b">Springer-Verlag</subfield><subfield code="c">2005</subfield></datafield><datafield ind1=" " ind2=" " tag="300"><subfield code="a">405 p</subfield></datafield><datafield ind1=" " ind2=" " tag="504"><subfield code="a">Includes Index. With 79 Figures, 4 Tables and 103 Problems</subfield></datafield><datafield ind1=" " ind2="4" tag="650"><subfield code="a">Quantum mechanics</subfield></datafield><datafield ind1=" " ind2=" " tag="852"><subfield code="a">81831</subfield><subfield code="c">530.14</subfield></datafield><datafield ind1=" " ind2=" " tag="CAT"><subfield code="a">Sys</subfield><subfield code="c">20110329</subfield><subfield code="h">132852</subfield></datafield></record></collection>